<record><leader>00000cas a2200000 a 4500</leader><controlfield tag="001">26663845</controlfield><controlfield tag="008">920924d19171927iludn ne      0   a0eng c</controlfield><datafield ind1=" " ind2=" " tag="010"><subfield code="a">sn 92053371 </subfield></datafield><datafield ind1=" " ind2=" " tag="040"><subfield code="a">NVF</subfield><subfield code="b">eng</subfield><subfield code="c">NVF</subfield><subfield code="d">OCLCQ</subfield><subfield code="d">CVF</subfield><subfield code="d">NVF</subfield><subfield code="d">OCLCQ</subfield><subfield code="d">NVF</subfield><subfield code="d">DLC</subfield><subfield code="d">OCLCF</subfield><subfield code="d">OCLCO</subfield></datafield><datafield ind1="1" ind2=" " tag="029"><subfield code="a">AU@</subfield><subfield code="b">000040188828</subfield></datafield><datafield ind1=" " ind2=" " tag="042"><subfield code="a">pcc</subfield></datafield><datafield ind1=" " ind2=" " tag="043"><subfield code="a">n-us-il</subfield></datafield><datafield ind1="0" ind2=" " tag="130"><subfield code="a">Daily gazette (Sterling, Ill. : 1917)</subfield></datafield><datafield ind1="1" ind2="4" tag="245"><subfield code="a">The daily gazette.</subfield></datafield><datafield ind1=" " ind2=" " tag="260"><subfield code="a">Sterling, Ill. ;</subfield><subfield code="a">Rock Falls, Ill. :</subfield><subfield code="b">D.W. Grandon &amp; Sons,</subfield><subfield code="c">1917-1927.</subfield></datafield><datafield ind1=" " ind2=" " tag="300"><subfield code="a">v.</subfield></datafield><datafield ind1=" " ind2=" " tag="310"><subfield code="a">Daily (except Sunday)</subfield></datafield><datafield ind1="0" ind2=" " tag="362"><subfield code="a">63rd year, no. 1 (Jan. 2, 1917)-72nd year, no. 121 (Nov. 21, 1927).</subfield></datafield><datafield ind1=" " ind2="0" tag="651"><subfield code="a">Sterling (Ill.)</subfield><subfield code="v">Newspapers.</subfield></datafield><datafield ind1=" " ind2="0" tag="651"><subfield code="a">Rock Falls (Ill.)</subfield><subfield code="v">Newspapers.</subfield></datafield><datafield ind1=" " ind2="7" tag="655"><subfield code="a">Newspapers.</subfield><subfield code="2">fast</subfield><subfield code="0">(OCoLC)fst01423814</subfield></datafield><datafield ind1=" " ind2="7" tag="651"><subfield code="a">Illinois</subfield><subfield code="z">Rock Falls.</subfield><subfield code="2">fast</subfield><subfield code="0">(OCoLC)fst01217940</subfield></datafield><datafield ind1=" " ind2="7" tag="651"><subfield code="a">Illinois</subfield><subfield code="z">Sterling.</subfield><subfield code="2">fast</subfield><subfield code="0">(OCoLC)fst01217941</subfield></datafield><datafield ind1=" " ind2=" " tag="752"><subfield code="a">United States</subfield><subfield code="b">Illinois</subfield><subfield code="c">Whiteside</subfield><subfield code="d">Sterling.</subfield></datafield><datafield ind1=" " ind2=" " tag="752"><subfield code="a">United States</subfield><subfield code="b">Illinois</subfield><subfield code="c">Whiteside</subfield><subfield code="d">Rock Falls.</subfield></datafield><datafield ind1="0" ind2="0" tag="780"><subfield code="t">Sterling daily gazette (Sterling, Ill. : 1915)</subfield><subfield code="w">(DLC)sn 92053369</subfield><subfield code="w">(OCoLC)26663783</subfield></datafield><datafield ind1="0" ind2="0" tag="785"><subfield code="t">Sterling daily gazette (Sterling, Ill. : 1927)</subfield><subfield code="w">(DLC)sn 92053372</subfield><subfield code="w">(OCoLC)26666170</subfield></datafield></record>